1024 1510
512 78 105 50 prologue.

210 122 356 35 tres preux craint ⁊ hardi cheuallier Per⸗

209 147 356 37 ceualle gallois/Car cõme ayt dict le dici

206 172 367 41 Philippes conte de flandres estoit tant

206 202 362 34 rempli de charite que rien ne voioit ou el⸗

207 226 356 38 le deust estre gardee q̃ l ne se meist en ſon

206 254 353 35 debuoir de faire les choſes a elle apparte⸗

209 278 357 37 nãtes/ en ſuyuant la doctrine de Sainct

206 308 357 35 Paul qui dict que dieu est charite ⁊ quicõ⸗

207 329 363 34 ques vit en charite dieu vit en luy Car

206 356 363 36 de toutes les vertus icelle est la principal

205 381 361 36 le. Voyãt doncques ledict Conte Philip⸗

206 412 363 35 pes ceſte vertu eſtre tãt aggreable a dieu

207 440 358 31 pour icelle enſuyuir commanda a aucun

201 458 369 37 docte orateur de rediger ⁊ mectre ꝑ escriꝑt

201 486 365 37 les fuictz et vie dudict noble⁊ preux Che

204 512 362 37 uallier Perceual le Gallois ſuyuant la

207 539 364 38 Chronique diceluy prince et traictie du

206 568 357 36 Sainct greal: mais parce que le Chro⸗

205 591 358 38 niqueur dudict Phelippes ⁊ luy treſpaſſe

201 616 365 34 tent de ce siece auant lacheuement ⁊ accõ

201 641 370 39 plissement du liure/et que leur intention

206 671 365 32 vint a effect/ long temps apres paſſe que

205 697 359 37 treſhaulte et excellente princeſſe Mada⸗

206 724 364 33 me Iehãne conteſſe de flãdres euſt veu

206 747 364 40 le Cõmencement de la chronique ſachãt

206 773 363 52 lintencion du Conte Philippes son aieul

593 122 361 32 elle meue de pareille charite Comman⸗

594 145 351 39 da avng ſien familier orateur nõme Men

594 173 346 35 nessier traduire et acheuer icelle Chroni⸗

593 200 350 37 que en la forme quelle estoit encommen⸗

590 227 364 35 cee/ce que diligentemẽt feiſt ⁊ acheua ſuy

591 251 359 33 uant le commandement ⁊ intention de ſa

594 276 353 37 hame et maitresse. Et parce que le langai

590 305 358 34 ge dudict Mẽneſſier ne de ſon p̃deceſſeur

590 330 362 37 neſt envſaige en noſtre vulgaire frãcoys

588 357 361 35 mais fort non acouſtumete eſtrangel.Ie

590 383 360 29 nour ſatiſfaire aux deſirs plaiſirs ⁊ uou⸗

590 410 359 35 ontez des Prĩces ſeigneurs ⁊ aultres ſuy

591 434 359 35 uans la maternelle langue de france ay

591 459 354 34 bien uoulu mẽployer a traduire ⁊ mectre

590 483 355 35 de Rithmne en proſe familiere les faictz et

590 508 354 36 uie dudict vertueux cheuallier Perceual

590 533 354 38 en enſuyuant au plus pres ſelon ma poſ⸗

590 563 365 37 sibilite et pouair le sens de mes prede⸗

590 588 359 34 ceſſeurs tranſlateurs/ comme ay trouue

590 615 362 35 par leur eſcript. Parquoy a tous audi⸗

593 643 359 33 teurs ⁊ lecteurs qui ce traictie liront ⁊ or⸗

593 665 362 34 ront de ce que ay preſumptueuſement et

590 694 367 37 tropt audacieuſemẽt mis/prie ⁊ requiers

592 719 367 36 retouir⁊ reſeruer le grain ⁊ mectre au bẽt

591 744 77 44 la paille.

721 743 229 63 ¶ cyfiniſt le prologue.
